<record><leader>00000cas a22000007a 4500</leader><controlfield tag="001">25697847</controlfield><controlfield tag="008">920423d19uu1924wyuwr ne      0    0eng d</controlfield><datafield ind1=" " ind2=" " tag="010"><subfield code="a">sn 92067016 </subfield></datafield><datafield ind1=" " ind2=" " tag="040"><subfield code="a">NVO</subfield><subfield code="b">eng</subfield><subfield code="c">NVO</subfield><subfield code="d">OCLCQ</subfield></datafield><datafield ind1=" " ind2=" " tag="042"><subfield code="a">msc</subfield></datafield><datafield ind1="0" ind2=" " tag="130"><subfield code="a">News letter (Newcastle, Wyo.)</subfield></datafield><datafield ind1="1" ind2="4" tag="245"><subfield code="a">The news letter.</subfield></datafield><datafield ind1=" " ind2=" " tag="260"><subfield code="a">Newcastle, Weston County, Wyo. :</subfield><subfield code="b">Newcastle Pub. Co.</subfield></datafield><datafield ind1=" " ind2=" " tag="300"><subfield code="a">v.</subfield></datafield><datafield ind1=" " ind2=" " tag="310"><subfield code="a">Weekly</subfield></datafield><datafield ind1="0" ind2=" " tag="362"><subfield code="a">-v. 16, no. 30 (Aug. 28, 1924).</subfield></datafield><datafield ind1=" " ind2=" " tag="588"><subfield code="a">Description based on: Vol. 12, no. 1 (Feb. 12, 1920).</subfield></datafield><datafield ind1=" " ind2="4" tag="651"><subfield code="a">Newcastle (Wyo.)</subfield><subfield code="v">Newspapers.</subfield></datafield><datafield ind1=" " ind2="4" tag="651"><subfield code="a">Weston County (Wyo.)</subfield><subfield code="v">Newspapers.</subfield></datafield><datafield ind1=" " ind2=" " tag="752"><subfield code="a">United States</subfield><subfield code="b">Wyoming</subfield><subfield code="c">Weston</subfield><subfield code="d">Newcastle.</subfield></datafield><datafield ind1="0" ind2="0" tag="780"><subfield code="t">Upton news letter</subfield><subfield code="w">(DLC)sn 93070059</subfield></datafield><datafield ind1="0" ind2="7" tag="785"><subfield code="t">News-journal (Newcastle, Wyo.)</subfield><subfield code="w">(DLC)sn 92067015</subfield></datafield><datafield ind1="0" ind2="7" tag="785"><subfield code="t">News letter, the news journal</subfield><subfield code="w">(DLC)sn 92067017</subfield></datafield></record>